@misc{iter,
  title = {Parameter choice for PBKDF2},
  howpublished = {\url{https://cryptosense.com/blog/parameter-choice-for-pbkdf2/}},
  note = {Accessed: 2020-12-8}
}
